@Article{stoffer1993,
  author = 	 {David S. Stoffer and David E. Tyler and Andrew J. McDougall},
  title = 	 {Spectral Analysis for Categorical Time Series: Scaling and the Spectral Envelope},
  journal = 	 {Biometrika},
  year = 	 {1993},
  volume = 	 {80},
  pages = 	 {611--622}
}

% distance-based outliers
@Article{rodgers1988,
  author = 	 {Joseph Lee Rodgers and W. Alan Nicewander},
  title = 	 {Thirteen Ways to Look at the Correlation Coefficient},
  journal = 	 {The American Statistician},
  year = 	 {1988},
  volume = 	 {42},
  pages = 	 {59--66}
}

@Article{smyth1992,
  author = 	 {Smyth, P. and Goodman, R.M.},
  title = 	 {An Information Theoretic Approach to Rule Induction from Databases},
  journal = 	 {IEEE Transactions on Knowledge and Data Engineering},
  year = 	 {1992},
  volume = 	 {4},
  pages = 	 {301--316}
}

@Article{goodman1992,
  author = 	 {Goodman, R.M. and Smyth, P},
  title = 	 {An Information Theoretic Approach to Rule Induction from Databases},
  journal = 	 {IEEE Transactions on Knowledge and Data Engineering},
  year = 	 {1992},
  volume = 	 {4},
  pages = 	 {301--316}
}

@Article{valz1994,
  author = 	 {Valz P.D. and Thompson M.E.},
  title = 	 {Exact inference for Kendall's S and Spearman's rho},
  journal = 	 {Journal of Computational and Graphical Statistics},
  year = 	 {1994},
  volume = 	 {3},
  pages = 	 {459--472}
}

% Iterative partitioning of time segments to detect change points
@InProceedings{guralnik1999,
  author = 	 {Valery Guralnik and Jaideep Srivastava},
  title = 	 {Event Detection from Time Series Data},
  journal = 	 {Proceedings of the Fifth ACM SIGKDD International Conference on Knowledge Discovery and Data Mining},
  year = 	 {1999},
  volume = 	 {5},
  pages = 	 {33--42}
}

@Article{tan2004,
  author = 	 {Pang-Ning Tan and Vipin Kumar and Jaideep Srivastava},
  title = 	 {Selecting the right objective measure for association analysis},
  journal = 	 {Information Systems},
  year = 	 {2004},
  volume = 	 {29},
  pages = 	 {293--313}
}

@Article{kraskov2004,
  title = {Estimating mutual information},
  author = {Kraskov, Alexander and St\"ogbauer, Harald and Grassberger, Peter},
  journal = {Phys. Rev. E},
  volume = {69},
  issue = {6},
  pages = {066138},
  numpages = {16},
  year = {2004},
  publisher = {American Physical Society},
  doi = {10.1103/PhysRevE.69.066138},
  url = {https://link.aps.org/doi/10.1103/PhysRevE.69.066138}
}

@TechReport{xu2010,
  author = 	 {Xu Weichao, Yunhe Hou, Hung Y. S. and Yuexian Zou },
  title = 	 {Comparison of Spearman's rho and Kendall's tau in normal and contaminated normal models},
  journal = 	 {Manuscript submitted to IEEE Transactions on Information Theory},
  year = 	 {2010}
}

@Article{lou2010,
  author = 	 { J.-G. Lou and Q. Fu and Y. Wang and J. Li},
  title = 	 {Mining dependency in distributed systems through unstructured logs analysis},
  journal = 	 {SIGOPS Operating Systems Review},
  year = 	 {2010},
  volume = 	 {41},
  pages = 	 {91--96}
}

@Article{wu2010,
  author = 	 {D. Wu and Y. Ke and J. X. Yu and S. Y. Philip and L. Chen},
  title = 	 {Detecting leaders from correlated time series},
  journal = 	 {Database Systems for Advanced Applications},
  year = 	 {2010},
  pages = 	 {352--367}
}

@InProceedings{zhang2014,
  author = 	 {Zhang, Dongmei and Lou, Jian-Guang and Ding, Justin and Fu, Qiang and Lin, Qingwei },
  title = 	 {Correlating Events with Time Series for Incident Diagnosis},
  journal = 	 {ACM SIGKDD International Conference on Knowledge Discovery and Data Mining},
  year = 	 {2014},
  pages = 	 {1583--1592}
}

@Misc{bobkoff2015,
  title = {Why every flight you take is obsessively monitored},
  howpublished = {\url{http://www.businessinsider.com/airplanes-and-big-data-sensors-2015-6}},
  note = {Accessed: 2018-04-12}
}
