@Article{weibull1951,
author = { W. Weibull},
title = {A statistical distribution function of wide applicability},
journal = {Journal of Applied Mechanics},
volume = {18},
pages = {293--297},
year  = {1951},
}

@Article{lomax1954,
author = { K. S.   Lomax },
title = {Business Failures: Another Example of the Analysis of Failure Data},
journal = {Journal of the American Statistical Association},
volume = {49},
number = {268},
pages = {847--852},
year  = {1954},
publisher = {Taylor \& Francis},
doi = {10.1080/01621459.1954.10501239}
}

@Article{proschan1963,
author = { Frank   Proschan },
title = {Theoretical Explanation of Observed Decreasing Failure Rate},
journal = {Technometrics},
volume = {5},
number = {3},
pages = {375--383},
year  = {1963},
publisher = {Taylor & Francis},
doi = {10.1080/00401706.1963.10490105}
}

@article{robinson1964,
author = { GORDON H.   ROBINSON },
title = {CONTINUOUS ESTIMATION OF A TIME-VARYING PROBABILITY},
journal = {Ergonomics},
volume = {7},
number = {1},
pages = {7-21},
year  = {1964},
publisher = {Taylor & Francis},
doi = {10.1080/00140136408930721}
}

@article{baum1966,
author = "Baum, Leonard E. and Petrie, Ted",
doi = "10.1214/aoms/1177699147",
fjournal = "The Annals of Mathematical Statistics",
journal = "Ann. Math. Statist.",
month = "12",
number = "6",
pages = "1554--1563",
publisher = "The Institute of Mathematical Statistics",
title = "Statistical Inference for Probabilistic Functions of Finite State Markov Chains",
volume = "37",
year = "1966"
}

@Article{saunders1983,
author = { Sam C.   Saunders  and  Janet M.   Myhre },
title = {Maximum Likelihood Estimation for Two-Parameter Decreasing Hazard Rate Distributions Using Censored Data},
journal = {Journal of the American Statistical Association},
volume = {78},
number = {383},
pages = {664-673},
year  = {1983},
publisher = {Taylor & Francis},
doi = {10.1080/01621459.1983.10478027}
}

% distance-based outliers
@Article{rodgers1988,
  author = 	 {Joseph Lee Rodgers and W. Alan Nicewander},
  title = 	 {Thirteen Ways to Look at the Correlation Coefficient},
  journal = 	 {The American Statistician},
  year = 	 {1988},
  volume = 	 {42},
  pages = 	 {59--66}
}

@Article{smyth1992,
  author = 	 {Smyth, P. and Goodman, R.M.},
  title = 	 {An Information Theoretic Approach to Rule Induction from Databases},
  journal = 	 {IEEE Transactions on Knowledge and Data Engineering},
  year = 	 {1992},
  volume = 	 {4},
  pages = 	 {301--316}
}

@Article{goodman1992,
  author = 	 {Goodman, R.M. and Smyth, P},
  title = 	 {An Information Theoretic Approach to Rule Induction from Databases},
  journal = 	 {IEEE Transactions on Knowledge and Data Engineering},
  year = 	 {1992},
  volume = 	 {4},
  pages = 	 {301--316}
}

@Article{stoffer1993,
  author = 	 {David S. Stoffer and David E. Tyler and Andrew J. McDougall},
  title = 	 {Spectral Analysis for Categorical Time Series: Scaling and the Spectral Envelope},
  journal = 	 {Biometrika},
  year = 	 {1993},
  volume = 	 {80},
  pages = 	 {611--622}
}

@Article{valz1994,
  author = 	 {Valz P.D. and Thompson M.E.},
  title = 	 {Exact inference for Kendall's S and Spearman's rho},
  journal = 	 {Journal of Computational and Graphical Statistics},
  year = 	 {1994},
  volume = 	 {3},
  pages = 	 {459--472}
}

@Article{goodman1998,
  author = 	 {Goodman, R.M. and Smyth, P.},
  title = 	 {An information-theoretic model for rule-based expert systems},
  journal = 	 {Int. Symposium in Information Theory},
  year = 	 {1998}
}

% Iterative partitioning of time segments to detect change points
@InProceedings{guralnik1999,
  author = 	 {Valery Guralnik and Jaideep Srivastava},
  title = 	 {Event Detection from Time Series Data},
  journal = 	 {Proceedings of the Fifth ACM SIGKDD International Conference on Knowledge Discovery and Data Mining},
  year = 	 {1999},
  volume = 	 {5},
  pages = 	 {33--42}
}

@Article{chambrin1999,
  author = 	 {M.-C. Chambrin and P. Ravaux and D. Calvelo-Aros and A. Jaborska and C. Chopin and B. Boniface},
  title = 	 {Multicentric study of monitoring alarms in the adult intensive care unit (ICU): a descriptive analysis},
  journal = 	 {Intensive Care Medicine},
  year = 	 {1999},
  volume = 	 {25},
  pages = 	 {1360--1366}
}

@Article{esteller2001, 
author={R. Esteller and G. Vachtsevanos and J. Echauz and B. Litt}, 
journal={IEEE Transactions on Circuits and Systems I: Fundamental Theory and Applications}, 
title={A comparison of waveform fractal dimension algorithms}, 
year={2001}, 
volume={48}, 
number={2}, 
pages={177-183}, 
keywords={electrocardiography;electroencephalography;fractals;medical signal processing;time series;time-domain analysis;transient analysis;biomedical signals;electrocardiograms;electroencephalograms;epileptic seizures;geometric object;intracranial electroencephalogram data;physiologic function;signal-to-noise ratio;time domain;time series;transient detection;waveform fractal dimension algorithms;window size;Algorithm design and analysis;Biomedical computing;Biomedical engineering;Delay estimation;Electroencephalography;Epilepsy;Fractals;Signal analysis;Signal processing algorithms;Time domain analysis}, 
doi={10.1109/81.904882}, 
ISSN={1057-7122}, 
month={Feb}
}

@Article{tan2004,
  author = 	 {Pang-Ning Tan and Vipin Kumar and Jaideep Srivastava},
  title = 	 {Selecting the right objective measure for association analysis},
  journal = 	 {Information Systems},
  year = 	 {2004},
  volume = 	 {29},
  pages = 	 {293--313}
}

@Article{kraskov2004,
  title = {Estimating mutual information},
  author = {Kraskov, Alexander and St\"ogbauer, Harald and Grassberger, Peter},
  journal = {Phys. Rev. E},
  volume = {69},
  issue = {6},
  pages = {066138},
  numpages = {16},
  year = {2004},
  publisher = {American Physical Society},
  doi = {10.1103/PhysRevE.69.066138}
}

@Book{wasserman2004,
  title = {All of Statistics : A Concise Course in Statistical Inference},
  author = {Larry Wasserman},
  year = {2004},
  publisher = {Springer-Verlag},
  pages = {179--203}
}

@article{baigneres2004,
      title = {How Far Can We Go Beyond Linear Cryptanalysis?},
      author = {Baignères, Thomas and Junod, Pascal and Vaudenay, Serge},
      journal = {Advances in Cryptology - ASIACRYPT 2004, 10th  International Conference on the Theory and Application of  Cryptology and Information Security},
      volume = {3329},
      series = {Lecture Notes in Computer Science},
      pages = {432-450},
      year = {2004}
}

@Book{anderson2005,
  title = {Fracture Mechanics: Fundamentals and Applications, 3rd Edition},
  author = {T. L. Anderson},
  year = {2005},
  publisher = {Taylor \& Francis Ed.}
}

@Article{jackson2005,
   author = {{Jackson}, B. and {Scargle}, J.~D. and {Barnes}, D. and {Arabhi}, S. and 
	{Alt}, A. and {Gioumousis}, P. and {Gwin}, E. and {San}, P. and 
	{Tan}, L. and {Tsai}, T.~T.},
    title = "{An algorithm for optimal partitioning of data on an interval}",
  journal = {IEEE Signal Processing Letters},
   eprint = {math/0309285},
     year = 2005,
    month = feb,
   volume = 12,
    pages = {105-108},
      doi = {10.1109/LSP.2001.838216}
}

@TechReport{xu2010,
  author = 	 {Xu Weichao, Yunhe Hou, Hung Y. S. and Yuexian Zou },
  title = 	 {Comparison of Spearman's rho and Kendall's tau in normal and contaminated normal models},
  journal = 	 {Manuscript submitted to IEEE Transactions on Information Theory},
  year = 	 {2010}
}

@Article{lou2010,
  author = 	 { J.-G. Lou and Q. Fu and Y. Wang and J. Li},
  title = 	 {Mining dependency in distributed systems through unstructured logs analysis},
  journal = 	 {SIGOPS Operating Systems Review},
  year = 	 {2010},
  volume = 	 {41},
  pages = 	 {91--96}
}

@Article{wu2010,
  author = 	 {D. Wu and Y. Ke and J. X. Yu and S. Y. Philip and L. Chen},
  title = 	 {Detecting leaders from correlated time series},
  journal = 	 {Database Systems for Advanced Applications},
  year = 	 {2010},
  pages = 	 {352--367}
}

@article{harchaoui2010,
author = {Z. Harchaoui and C. Lévy-Leduc},
title = {Multiple Change-Point Estimation With a Total Variation Penalty},
journal = {Journal of the American Statistical Association},
volume = {105},
number = {492},
pages = {1480-1493},
year  = {2010},
publisher = {Taylor & Francis},
doi = {10.1198/jasa.2010.tm09181}
}

@Article{killick2012,
author = { R.   Killick  and  P.   Fearnhead  and  I. A.   Eckley },
title = {Optimal Detection of Changepoints With a Linear Computational Cost},
journal = {Journal of the American Statistical Association},
volume = {107},
number = {500},
pages = {1590-1598},
year  = {2012},
publisher = {Taylor & Francis},
doi = {10.1080/01621459.2012.737745}
}

@InProceedings{zhang2014,
  author = 	 {Zhang, Dongmei and Lou, Jian-Guang and Ding, Justin and Fu, Qiang and Lin, Qingwei },
  title = 	 {Correlating Events with Time Series for Incident Diagnosis},
  journal = 	 {ACM SIGKDD International Conference on Knowledge Discovery and Data Mining},
  year = 	 {2014},
  pages = 	 {1583--1592}
}

@Misc{bobkoff2015,
  title = {Why every flight you take is obsessively monitored},
  howpublished = {\url{http://www.businessinsider.com/airplanes-and-big-data-sensors-2015-6}},
  note = {Accessed: 2018-04-12}
}

@article{chis2015,
title = "Adapting Hidden Markov Models for Online Learning",
journal = "Electronic Notes in Theoretical Computer Science",
volume = "318",
pages = "109 - 127",
year = "2015",
note = "Twenty-ninth and thirtieth Annual UK Performance Engineering Workshops (UKPEW)",
issn = "1571-0661",
doi = "https://doi.org/10.1016/j.entcs.2015.10.022",
author = "Tiberiu Chis and Peter G. Harrison",
keywords = "HMM, online learning, adapted Baum-Welch, autocorrelation, MMPP"
}